[gd_scene load_steps=11 format=2]

[ext_resource path="res://boards/controller/controller.gd" type="Script" id=1]
[ext_resource path="res://fonts/title_font.tres" type="DynamicFont" id=2]
[ext_resource path="res://boards/controller/cookie.png" type="Texture" id=3]
[ext_resource path="res://boards/controller/cake.png" type="Texture" id=4]
[ext_resource path="res://fonts/button_font.tres" type="DynamicFont" id=5]
[ext_resource path="res://boards/controller/splash_background.png" type="Texture" id=6]
[ext_resource path="res://fonts/Boogaloo-Regular.ttf" type="DynamicFontData" id=7]

[sub_resource type="Animation" id=1]

resource_name = "hide"
length = 0.5
loop = false
step = 0.1
tracks/0/type = "value"
tracks/0/path = NodePath(".:rect_position")
tracks/0/interp = 1
tracks/0/loop_wrap = true
tracks/0/imported = false
tracks/0/enabled = true
tracks/0/keys = {
"times": PoolRealArray( 0, 0.5 ),
"transitions": PoolRealArray( 4, 0 ),
"update": 0,
"values": [ Vector2( 128, 256 ), Vector2( -1349, 1077 ) ]
}

[sub_resource type="Animation" id=2]

resource_name = "show"
length = 0.5
loop = false
step = 0.1
tracks/0/type = "value"
tracks/0/path = NodePath(".:rect_position")
tracks/0/interp = 2
tracks/0/loop_wrap = true
tracks/0/imported = false
tracks/0/enabled = true
tracks/0/keys = {
"times": PoolRealArray( 0, 0.5 ),
"transitions": PoolRealArray( 0.25, 0 ),
"update": 0,
"values": [ Vector2( -1349, 1077 ), Vector2( 128, 256 ) ]
}

[sub_resource type="DynamicFont" id=3]

size = 100
use_mipmaps = true
use_filter = true
font_data = ExtResource( 7 )
_sections_unfolded = [ "Font", "Settings" ]

[node name="Controller" type="Spatial" index="0"]

script = ExtResource( 1 )
_sections_unfolded = [ "Transform" ]

[node name="Screen" type="Control" parent="." index="0"]

anchor_left = 0.0
anchor_top = 0.0
anchor_right = 1.0
anchor_bottom = 1.0
rect_pivot_offset = Vector2( 0, 0 )
rect_clip_content = false
mouse_filter = 0
mouse_default_cursor_shape = 0
size_flags_horizontal = 1
size_flags_vertical = 1
_sections_unfolded = [ "Anchor", "Margin" ]

[node name="PlayerInfo1" type="VBoxContainer" parent="Screen" index="0"]

anchor_left = 0.0
anchor_top = 0.0
anchor_right = 0.0
anchor_bottom = 0.0
margin_left = 8.0
margin_top = 8.0
margin_right = 264.0
margin_bottom = 264.0
rect_pivot_offset = Vector2( 0, 0 )
rect_clip_content = false
mouse_filter = 1
mouse_default_cursor_shape = 0
size_flags_horizontal = 1
size_flags_vertical = 1
alignment = 0
_sections_unfolded = [ "Anchor", "Margin", "Rect" ]

[node name="Player" type="Label" parent="Screen/PlayerInfo1" index="0"]

anchor_left = 0.0
anchor_top = 0.0
anchor_right = 0.0
anchor_bottom = 0.0
margin_right = 256.0
margin_bottom = 58.0
rect_pivot_offset = Vector2( 0, 0 )
rect_clip_content = false
mouse_filter = 2
mouse_default_cursor_shape = 0
size_flags_horizontal = 1
size_flags_vertical = 4
custom_fonts/font = ExtResource( 2 )
custom_colors/font_color_shadow = Color( 0, 0, 0, 1 )
custom_constants/shadow_as_outline = 1
text = "Player 1"
percent_visible = 1.0
lines_skipped = 0
max_lines_visible = -1
_sections_unfolded = [ "Anchor", "Margin", "custom_colors", "custom_constants", "custom_fonts" ]

[node name="Cookies" type="HBoxContainer" parent="Screen/PlayerInfo1" index="1"]

anchor_left = 0.0
anchor_top = 0.0
anchor_right = 0.0
anchor_bottom = 0.0
margin_top = 62.0
margin_right = 256.0
margin_bottom = 120.0
rect_pivot_offset = Vector2( 0, 0 )
rect_clip_content = false
mouse_filter = 1
mouse_default_cursor_shape = 0
size_flags_horizontal = 1
size_flags_vertical = 1
alignment = 0

[node name="Image" type="TextureRect" parent="Screen/PlayerInfo1/Cookies" index="0"]

anchor_left = 0.0
anchor_top = 0.0
anchor_right = 0.0
anchor_bottom = 0.0
margin_right = 32.0
margin_bottom = 58.0
rect_pivot_offset = Vector2( 0, 0 )
rect_clip_content = false
mouse_filter = 1
mouse_default_cursor_shape = 0
size_flags_horizontal = 1
size_flags_vertical = 1
texture = ExtResource( 3 )
stretch_mode = 4
_sections_unfolded = [ "Rect" ]

[node name="Amount" type="Label" parent="Screen/PlayerInfo1/Cookies" index="1"]

anchor_left = 0.0
anchor_top = 0.0
anchor_right = 0.0
anchor_bottom = 0.0
margin_left = 36.0
margin_right = 59.0
margin_bottom = 58.0
rect_pivot_offset = Vector2( 0, 0 )
rect_clip_content = false
mouse_filter = 2
mouse_default_cursor_shape = 0
size_flags_horizontal = 1
size_flags_vertical = 4
custom_fonts/font = ExtResource( 2 )
custom_colors/font_color_shadow = Color( 0, 0, 0, 1 )
custom_constants/shadow_as_outline = 1
text = "0"
percent_visible = 1.0
lines_skipped = 0
max_lines_visible = -1
_sections_unfolded = [ "Anchor", "Margin", "Rect", "custom_colors", "custom_constants", "custom_fonts" ]

[node name="Cakes" type="HBoxContainer" parent="Screen/PlayerInfo1" index="2"]

anchor_left = 0.0
anchor_top = 0.0
anchor_right = 0.0
anchor_bottom = 0.0
margin_top = 124.0
margin_right = 256.0
margin_bottom = 182.0
rect_pivot_offset = Vector2( 0, 0 )
rect_clip_content = false
mouse_filter = 1
mouse_default_cursor_shape = 0
size_flags_horizontal = 1
size_flags_vertical = 1
alignment = 0

[node name="Image" type="TextureRect" parent="Screen/PlayerInfo1/Cakes" index="0"]

anchor_left = 0.0
anchor_top = 0.0
anchor_right = 0.0
anchor_bottom = 0.0
margin_right = 30.0
margin_bottom = 58.0
rect_pivot_offset = Vector2( 0, 0 )
rect_clip_content = false
mouse_filter = 1
mouse_default_cursor_shape = 0
size_flags_horizontal = 1
size_flags_vertical = 1
texture = ExtResource( 4 )
stretch_mode = 4

[node name="Amount" type="Label" parent="Screen/PlayerInfo1/Cakes" index="1"]

anchor_left = 0.0
anchor_top = 0.0
anchor_right = 0.0
anchor_bottom = 0.0
margin_left = 34.0
margin_right = 57.0
margin_bottom = 58.0
rect_pivot_offset = Vector2( 0, 0 )
rect_clip_content = false
mouse_filter = 2
mouse_default_cursor_shape = 0
size_flags_horizontal = 1
size_flags_vertical = 4
custom_fonts/font = ExtResource( 2 )
custom_colors/font_color_shadow = Color( 0, 0, 0, 1 )
custom_constants/shadow_as_outline = 1
text = "0"
percent_visible = 1.0
lines_skipped = 0
max_lines_visible = -1
_sections_unfolded = [ "Anchor", "Margin", "custom_colors", "custom_constants", "custom_fonts" ]

[node name="PlayerInfo2" type="VBoxContainer" parent="Screen" index="1"]

editor/display_folded = true
anchor_left = 1.0
anchor_top = 0.0
anchor_right = 1.0
anchor_bottom = 0.0
margin_left = -264.0
margin_top = 8.0
margin_right = -8.0
margin_bottom = 264.0
rect_pivot_offset = Vector2( 0, 0 )
rect_clip_content = false
mouse_filter = 1
mouse_default_cursor_shape = 0
size_flags_horizontal = 1
size_flags_vertical = 1
alignment = 0
_sections_unfolded = [ "Anchor", "Margin" ]

[node name="Player" type="Label" parent="Screen/PlayerInfo2" index="0"]

anchor_left = 0.0
anchor_top = 0.0
anchor_right = 0.0
anchor_bottom = 0.0
margin_right = 256.0
margin_bottom = 58.0
rect_pivot_offset = Vector2( 0, 0 )
rect_clip_content = false
mouse_filter = 2
mouse_default_cursor_shape = 0
size_flags_horizontal = 1
size_flags_vertical = 4
custom_fonts/font = ExtResource( 2 )
custom_colors/font_color_shadow = Color( 0, 0, 0, 1 )
custom_constants/shadow_as_outline = 1
text = "Player 2"
align = 2
percent_visible = 1.0
lines_skipped = 0
max_lines_visible = -1
_sections_unfolded = [ "Anchor", "Margin", "custom_colors", "custom_constants", "custom_fonts" ]

[node name="Cookies" type="HBoxContainer" parent="Screen/PlayerInfo2" index="1"]

anchor_left = 0.0
anchor_top = 0.0
anchor_right = 0.0
anchor_bottom = 0.0
margin_top = 62.0
margin_right = 256.0
margin_bottom = 120.0
rect_pivot_offset = Vector2( 0, 0 )
rect_clip_content = false
mouse_filter = 1
mouse_default_cursor_shape = 0
size_flags_horizontal = 1
size_flags_vertical = 1
alignment = 2

[node name="Amount" type="Label" parent="Screen/PlayerInfo2/Cookies" index="0"]

anchor_left = 0.0
anchor_top = 0.0
anchor_right = 0.0
anchor_bottom = 0.0
margin_left = 197.0
margin_right = 220.0
margin_bottom = 58.0
rect_pivot_offset = Vector2( 0, 0 )
rect_clip_content = false
mouse_filter = 2
mouse_default_cursor_shape = 0
size_flags_horizontal = 1
size_flags_vertical = 4
custom_fonts/font = ExtResource( 2 )
custom_colors/font_color_shadow = Color( 0, 0, 0, 1 )
custom_constants/shadow_as_outline = 1
text = "0"
percent_visible = 1.0
lines_skipped = 0
max_lines_visible = -1
_sections_unfolded = [ "Anchor", "Margin", "Rect", "custom_colors", "custom_constants", "custom_fonts" ]

[node name="Image" type="TextureRect" parent="Screen/PlayerInfo2/Cookies" index="1"]

anchor_left = 0.0
anchor_top = 0.0
anchor_right = 0.0
anchor_bottom = 0.0
margin_left = 224.0
margin_right = 256.0
margin_bottom = 58.0
rect_pivot_offset = Vector2( 0, 0 )
rect_clip_content = false
mouse_filter = 1
mouse_default_cursor_shape = 0
size_flags_horizontal = 1
size_flags_vertical = 1
texture = ExtResource( 3 )
stretch_mode = 4
_sections_unfolded = [ "Rect" ]

[node name="Cakes" type="HBoxContainer" parent="Screen/PlayerInfo2" index="2"]

anchor_left = 0.0
anchor_top = 0.0
anchor_right = 0.0
anchor_bottom = 0.0
margin_top = 124.0
margin_right = 256.0
margin_bottom = 182.0
rect_pivot_offset = Vector2( 0, 0 )
rect_clip_content = false
mouse_filter = 1
mouse_default_cursor_shape = 0
size_flags_horizontal = 1
size_flags_vertical = 1
alignment = 2

[node name="Amount" type="Label" parent="Screen/PlayerInfo2/Cakes" index="0"]

anchor_left = 0.0
anchor_top = 0.0
anchor_right = 0.0
anchor_bottom = 0.0
margin_left = 199.0
margin_right = 222.0
margin_bottom = 58.0
rect_pivot_offset = Vector2( 0, 0 )
rect_clip_content = false
mouse_filter = 2
mouse_default_cursor_shape = 0
size_flags_horizontal = 1
size_flags_vertical = 4
custom_fonts/font = ExtResource( 2 )
custom_colors/font_color_shadow = Color( 0, 0, 0, 1 )
custom_constants/shadow_as_outline = 1
text = "0"
percent_visible = 1.0
lines_skipped = 0
max_lines_visible = -1
_sections_unfolded = [ "Anchor", "Margin", "custom_colors", "custom_constants", "custom_fonts" ]

[node name="Image" type="TextureRect" parent="Screen/PlayerInfo2/Cakes" index="1"]

anchor_left = 0.0
anchor_top = 0.0
anchor_right = 0.0
anchor_bottom = 0.0
margin_left = 226.0
margin_right = 256.0
margin_bottom = 58.0
rect_pivot_offset = Vector2( 0, 0 )
rect_clip_content = false
mouse_filter = 1
mouse_default_cursor_shape = 0
size_flags_horizontal = 1
size_flags_vertical = 1
texture = ExtResource( 4 )
stretch_mode = 4

[node name="PlayerInfo3" type="VBoxContainer" parent="Screen" index="2"]

editor/display_folded = true
anchor_left = 0.0
anchor_top = 1.0
anchor_right = 0.0
anchor_bottom = 1.0
margin_left = 8.0
margin_top = -264.0
margin_right = 264.0
margin_bottom = -8.0
rect_pivot_offset = Vector2( 0, 0 )
rect_clip_content = false
mouse_filter = 1
mouse_default_cursor_shape = 0
size_flags_horizontal = 1
size_flags_vertical = 1
alignment = 2
_sections_unfolded = [ "Anchor", "Margin" ]

[node name="Player" type="Label" parent="Screen/PlayerInfo3" index="0"]

anchor_left = 0.0
anchor_top = 0.0
anchor_right = 0.0
anchor_bottom = 0.0
margin_top = 74.0
margin_right = 256.0
margin_bottom = 132.0
rect_pivot_offset = Vector2( 0, 0 )
rect_clip_content = false
mouse_filter = 2
mouse_default_cursor_shape = 0
size_flags_horizontal = 1
size_flags_vertical = 4
custom_fonts/font = ExtResource( 2 )
custom_colors/font_color_shadow = Color( 0, 0, 0, 1 )
custom_constants/shadow_as_outline = 1
text = "Player 3"
percent_visible = 1.0
lines_skipped = 0
max_lines_visible = -1
_sections_unfolded = [ "Anchor", "Margin", "custom_colors", "custom_constants", "custom_fonts" ]

[node name="Cookies" type="HBoxContainer" parent="Screen/PlayerInfo3" index="1"]

anchor_left = 0.0
anchor_top = 0.0
anchor_right = 0.0
anchor_bottom = 0.0
margin_top = 136.0
margin_right = 256.0
margin_bottom = 194.0
rect_pivot_offset = Vector2( 0, 0 )
rect_clip_content = false
mouse_filter = 1
mouse_default_cursor_shape = 0
size_flags_horizontal = 1
size_flags_vertical = 1
alignment = 0

[node name="Image" type="TextureRect" parent="Screen/PlayerInfo3/Cookies" index="0"]

anchor_left = 0.0
anchor_top = 0.0
anchor_right = 0.0
anchor_bottom = 0.0
margin_right = 32.0
margin_bottom = 58.0
rect_pivot_offset = Vector2( 0, 0 )
rect_clip_content = false
mouse_filter = 1
mouse_default_cursor_shape = 0
size_flags_horizontal = 1
size_flags_vertical = 1
texture = ExtResource( 3 )
stretch_mode = 4
_sections_unfolded = [ "Rect" ]

[node name="Amount" type="Label" parent="Screen/PlayerInfo3/Cookies" index="1"]

anchor_left = 0.0
anchor_top = 0.0
anchor_right = 0.0
anchor_bottom = 0.0
margin_left = 36.0
margin_right = 59.0
margin_bottom = 58.0
rect_pivot_offset = Vector2( 0, 0 )
rect_clip_content = false
mouse_filter = 2
mouse_default_cursor_shape = 0
size_flags_horizontal = 1
size_flags_vertical = 4
custom_fonts/font = ExtResource( 2 )
custom_colors/font_color_shadow = Color( 0, 0, 0, 1 )
custom_constants/shadow_as_outline = 1
text = "0"
percent_visible = 1.0
lines_skipped = 0
max_lines_visible = -1
_sections_unfolded = [ "Anchor", "Margin", "Rect", "custom_colors", "custom_constants", "custom_fonts" ]

[node name="Cakes" type="HBoxContainer" parent="Screen/PlayerInfo3" index="2"]

anchor_left = 0.0
anchor_top = 0.0
anchor_right = 0.0
anchor_bottom = 0.0
margin_top = 198.0
margin_right = 256.0
margin_bottom = 256.0
rect_pivot_offset = Vector2( 0, 0 )
rect_clip_content = false
mouse_filter = 1
mouse_default_cursor_shape = 0
size_flags_horizontal = 1
size_flags_vertical = 1
alignment = 0

[node name="Image" type="TextureRect" parent="Screen/PlayerInfo3/Cakes" index="0"]

anchor_left = 0.0
anchor_top = 0.0
anchor_right = 0.0
anchor_bottom = 0.0
margin_right = 30.0
margin_bottom = 58.0
rect_pivot_offset = Vector2( 0, 0 )
rect_clip_content = false
mouse_filter = 1
mouse_default_cursor_shape = 0
size_flags_horizontal = 1
size_flags_vertical = 1
texture = ExtResource( 4 )
stretch_mode = 4

[node name="Amount" type="Label" parent="Screen/PlayerInfo3/Cakes" index="1"]

anchor_left = 0.0
anchor_top = 0.0
anchor_right = 0.0
anchor_bottom = 0.0
margin_left = 34.0
margin_right = 57.0
margin_bottom = 58.0
rect_pivot_offset = Vector2( 0, 0 )
rect_clip_content = false
mouse_filter = 2
mouse_default_cursor_shape = 0
size_flags_horizontal = 1
size_flags_vertical = 4
custom_fonts/font = ExtResource( 2 )
custom_colors/font_color_shadow = Color( 0, 0, 0, 1 )
custom_constants/shadow_as_outline = 1
text = "0"
percent_visible = 1.0
lines_skipped = 0
max_lines_visible = -1
_sections_unfolded = [ "Anchor", "Margin", "custom_colors", "custom_constants", "custom_fonts" ]

[node name="PlayerInfo4" type="VBoxContainer" parent="Screen" index="3"]

editor/display_folded = true
anchor_left = 1.0
anchor_top = 1.0
anchor_right = 1.0
anchor_bottom = 1.0
margin_left = -264.0
margin_top = -264.0
margin_right = -8.0
margin_bottom = -8.0
rect_pivot_offset = Vector2( 0, 0 )
rect_clip_content = false
mouse_filter = 1
mouse_default_cursor_shape = 0
size_flags_horizontal = 1
size_flags_vertical = 1
alignment = 2
_sections_unfolded = [ "Anchor", "Margin" ]

[node name="Player" type="Label" parent="Screen/PlayerInfo4" index="0"]

anchor_left = 0.0
anchor_top = 0.0
anchor_right = 0.0
anchor_bottom = 0.0
margin_top = 74.0
margin_right = 256.0
margin_bottom = 132.0
rect_pivot_offset = Vector2( 0, 0 )
rect_clip_content = false
mouse_filter = 2
mouse_default_cursor_shape = 0
size_flags_horizontal = 1
size_flags_vertical = 4
custom_fonts/font = ExtResource( 2 )
custom_colors/font_color_shadow = Color( 0, 0, 0, 1 )
custom_constants/shadow_as_outline = 1
text = "Player 4"
align = 2
percent_visible = 1.0
lines_skipped = 0
max_lines_visible = -1
_sections_unfolded = [ "Anchor", "Margin", "custom_colors", "custom_constants", "custom_fonts" ]

[node name="Cookies" type="HBoxContainer" parent="Screen/PlayerInfo4" index="1"]

anchor_left = 0.0
anchor_top = 0.0
anchor_right = 0.0
anchor_bottom = 0.0
margin_top = 136.0
margin_right = 256.0
margin_bottom = 194.0
rect_pivot_offset = Vector2( 0, 0 )
rect_clip_content = false
mouse_filter = 1
mouse_default_cursor_shape = 0
size_flags_horizontal = 1
size_flags_vertical = 1
alignment = 2

[node name="Amount" type="Label" parent="Screen/PlayerInfo4/Cookies" index="0"]

anchor_left = 0.0
anchor_top = 0.0
anchor_right = 0.0
anchor_bottom = 0.0
margin_left = 197.0
margin_right = 220.0
margin_bottom = 58.0
rect_pivot_offset = Vector2( 0, 0 )
rect_clip_content = false
mouse_filter = 2
mouse_default_cursor_shape = 0
size_flags_horizontal = 1
size_flags_vertical = 4
custom_fonts/font = ExtResource( 2 )
custom_colors/font_color_shadow = Color( 0, 0, 0, 1 )
custom_constants/shadow_as_outline = 1
text = "0"
percent_visible = 1.0
lines_skipped = 0
max_lines_visible = -1
_sections_unfolded = [ "Anchor", "Margin", "Rect", "custom_colors", "custom_constants", "custom_fonts" ]

[node name="Image" type="TextureRect" parent="Screen/PlayerInfo4/Cookies" index="1"]

anchor_left = 0.0
anchor_top = 0.0
anchor_right = 0.0
anchor_bottom = 0.0
margin_left = 224.0
margin_right = 256.0
margin_bottom = 58.0
rect_pivot_offset = Vector2( 0, 0 )
rect_clip_content = false
mouse_filter = 1
mouse_default_cursor_shape = 0
size_flags_horizontal = 1
size_flags_vertical = 1
texture = ExtResource( 3 )
stretch_mode = 4
_sections_unfolded = [ "Rect" ]

[node name="Cakes" type="HBoxContainer" parent="Screen/PlayerInfo4" index="2"]

anchor_left = 0.0
anchor_top = 0.0
anchor_right = 0.0
anchor_bottom = 0.0
margin_top = 198.0
margin_right = 256.0
margin_bottom = 256.0
rect_pivot_offset = Vector2( 0, 0 )
rect_clip_content = false
mouse_filter = 1
mouse_default_cursor_shape = 0
size_flags_horizontal = 1
size_flags_vertical = 1
alignment = 2

[node name="Amount" type="Label" parent="Screen/PlayerInfo4/Cakes" index="0"]

anchor_left = 0.0
anchor_top = 0.0
anchor_right = 0.0
anchor_bottom = 0.0
margin_left = 199.0
margin_right = 222.0
margin_bottom = 58.0
rect_pivot_offset = Vector2( 0, 0 )
rect_clip_content = false
mouse_filter = 2
mouse_default_cursor_shape = 0
size_flags_horizontal = 1
size_flags_vertical = 4
custom_fonts/font = ExtResource( 2 )
custom_colors/font_color_shadow = Color( 0, 0, 0, 1 )
custom_constants/shadow_as_outline = 1
text = "0"
percent_visible = 1.0
lines_skipped = 0
max_lines_visible = -1
_sections_unfolded = [ "Anchor", "Margin", "custom_colors", "custom_constants", "custom_fonts" ]

[node name="Image" type="TextureRect" parent="Screen/PlayerInfo4/Cakes" index="1"]

anchor_left = 0.0
anchor_top = 0.0
anchor_right = 0.0
anchor_bottom = 0.0
margin_left = 226.0
margin_right = 256.0
margin_bottom = 58.0
rect_pivot_offset = Vector2( 0, 0 )
rect_clip_content = false
mouse_filter = 1
mouse_default_cursor_shape = 0
size_flags_horizontal = 1
size_flags_vertical = 1
texture = ExtResource( 4 )
stretch_mode = 4

[node name="Dice" type="Label" parent="Screen" index="4"]

anchor_left = 0.0
anchor_top = 1.0
anchor_right = 1.0
anchor_bottom = 1.0
margin_top = -96.0
rect_pivot_offset = Vector2( 0, 0 )
rect_clip_content = false
mouse_filter = 2
mouse_default_cursor_shape = 0
size_flags_horizontal = 1
size_flags_vertical = 4
custom_fonts/font = ExtResource( 5 )
custom_colors/font_color_shadow = Color( 0, 0, 0, 1 )
custom_constants/shadow_as_outline = 1
text = "Roll Player 1!"
align = 1
percent_visible = 1.0
lines_skipped = 0
max_lines_visible = -1
_sections_unfolded = [ "Anchor", "Margin", "custom_colors", "custom_constants", "custom_fonts" ]

[node name="Roll" type="Button" parent="Screen" index="5"]

anchor_left = 0.5
anchor_top = 1.0
anchor_right = 0.5
anchor_bottom = 1.0
margin_left = -64.0
margin_top = -48.0
margin_right = 64.0
margin_bottom = -8.0
rect_pivot_offset = Vector2( 0, 0 )
rect_clip_content = false
focus_mode = 2
mouse_filter = 0
mouse_default_cursor_shape = 0
size_flags_horizontal = 1
size_flags_vertical = 1
custom_fonts/font = ExtResource( 5 )
toggle_mode = false
enabled_focus_mode = 2
shortcut = null
group = null
text = "Roll"
flat = false
align = 1
_sections_unfolded = [ "Anchor", "Margin", "custom_fonts" ]

[node name="GetCake" type="VBoxContainer" parent="Screen" index="6"]

visible = false
anchor_left = 0.5
anchor_top = 0.5
anchor_right = 0.5
anchor_bottom = 0.5
margin_left = -256.0
margin_top = -32.0
margin_right = 264.0
margin_bottom = 186.0
rect_pivot_offset = Vector2( 0, 0 )
rect_clip_content = false
mouse_filter = 1
mouse_default_cursor_shape = 0
size_flags_horizontal = 1
size_flags_vertical = 1
alignment = 0
_sections_unfolded = [ "Anchor", "Margin", "Rect", "custom_fonts" ]

[node name="Label" type="Label" parent="Screen/GetCake" index="0"]

anchor_left = 0.0
anchor_top = 0.0
anchor_right = 0.0
anchor_bottom = 0.0
margin_right = 520.0
margin_bottom = 58.0
rect_pivot_offset = Vector2( 0, 0 )
rect_clip_content = false
mouse_filter = 2
mouse_default_cursor_shape = 0
size_flags_horizontal = 1
size_flags_vertical = 4
custom_fonts/font = ExtResource( 2 )
custom_colors/font_color_shadow = Color( 0, 0, 0, 1 )
text = "Buy a cake for 30 cookies"
align = 1
percent_visible = 1.0
lines_skipped = 0
max_lines_visible = -1
_sections_unfolded = [ "custom_colors", "custom_fonts" ]

[node name="Buttons" type="HBoxContainer" parent="Screen/GetCake" index="1"]

anchor_left = 0.0
anchor_top = 0.0
anchor_right = 0.0
anchor_bottom = 0.0
margin_top = 62.0
margin_right = 520.0
margin_bottom = 97.0
rect_pivot_offset = Vector2( 0, 0 )
rect_clip_content = false
mouse_filter = 1
mouse_default_cursor_shape = 0
size_flags_horizontal = 1
size_flags_vertical = 1
alignment = 0

[node name="Ok" type="Button" parent="Screen/GetCake/Buttons" index="0"]

anchor_left = 0.0
anchor_top = 0.0
anchor_right = 0.0
anchor_bottom = 0.0
margin_right = 128.0
margin_bottom = 35.0
rect_min_size = Vector2( 128, 0 )
rect_pivot_offset = Vector2( 0, 0 )
rect_clip_content = false
focus_mode = 2
mouse_filter = 0
mouse_default_cursor_shape = 0
size_flags_horizontal = 1
size_flags_vertical = 1
custom_fonts/font = ExtResource( 5 )
toggle_mode = false
enabled_focus_mode = 2
shortcut = null
group = null
text = "Ok"
flat = false
align = 1
_sections_unfolded = [ "Rect" ]

[node name="Spacer" type="Control" parent="Screen/GetCake/Buttons" index="1"]

anchor_left = 0.0
anchor_top = 0.0
anchor_right = 0.0
anchor_bottom = 0.0
margin_left = 132.0
margin_right = 388.0
margin_bottom = 35.0
rect_min_size = Vector2( 256, 0 )
rect_pivot_offset = Vector2( 0, 0 )
rect_clip_content = false
mouse_filter = 0
mouse_default_cursor_shape = 0
size_flags_horizontal = 1
size_flags_vertical = 1
_sections_unfolded = [ "Rect" ]

[node name="Abort" type="Button" parent="Screen/GetCake/Buttons" index="2"]

anchor_left = 0.0
anchor_top = 0.0
anchor_right = 0.0
anchor_bottom = 0.0
margin_left = 392.0
margin_right = 520.0
margin_bottom = 35.0
rect_min_size = Vector2( 128, 0 )
rect_pivot_offset = Vector2( 0, 0 )
rect_clip_content = false
focus_mode = 2
mouse_filter = 0
mouse_default_cursor_shape = 0
size_flags_horizontal = 1
size_flags_vertical = 1
custom_fonts/font = ExtResource( 5 )
toggle_mode = false
enabled_focus_mode = 2
shortcut = null
group = null
text = "Cancel"
flat = false
align = 1
_sections_unfolded = [ "Rect", "custom_fonts" ]

[node name="BuyCake" type="VBoxContainer" parent="Screen" index="7"]

visible = false
anchor_left = 0.0
anchor_top = 0.0
anchor_right = 0.0
anchor_bottom = 0.0
margin_left = 512.0
margin_top = 328.0
margin_right = 772.0
margin_bottom = 445.0
rect_pivot_offset = Vector2( 0, 0 )
rect_clip_content = false
mouse_filter = 1
mouse_default_cursor_shape = 0
size_flags_horizontal = 0
size_flags_vertical = 0
alignment = 1
_sections_unfolded = [ "Anchor", "Margin", "Rect" ]

[node name="Amount" type="Label" parent="Screen/BuyCake" index="0"]

anchor_left = 0.0
anchor_top = 0.0
anchor_right = 0.0
anchor_bottom = 0.0
margin_right = 260.0
margin_bottom = 58.0
rect_min_size = Vector2( 150, 0 )
rect_pivot_offset = Vector2( 0, 0 )
rect_clip_content = false
mouse_filter = 2
mouse_default_cursor_shape = 0
size_flags_horizontal = 1
size_flags_vertical = 4
custom_fonts/font = ExtResource( 2 )
custom_colors/font_color_shadow = Color( 0, 0, 0, 1 )
align = 1
percent_visible = 1.0
lines_skipped = 0
max_lines_visible = -1
_sections_unfolded = [ "Rect", "custom_colors", "custom_fonts" ]

[node name="HSlider" type="HSlider" parent="Screen/BuyCake" index="1"]

anchor_left = 0.0
anchor_top = 0.0
anchor_right = 0.0
anchor_bottom = 0.0
margin_top = 62.0
margin_right = 260.0
margin_bottom = 78.0
rect_min_size = Vector2( 150, 0 )
rect_pivot_offset = Vector2( 0, 0 )
rect_clip_content = false
focus_mode = 2
mouse_filter = 0
mouse_default_cursor_shape = 0
size_flags_horizontal = 1
size_flags_vertical = 0
min_value = 1.0
max_value = 100.0
step = 1.0
page = 0.0
value = 1.0
exp_edit = false
rounded = false
editable = true
tick_count = 0
ticks_on_borders = false
focus_mode = 2
_sections_unfolded = [ "Margin", "Rect" ]

[node name="Buttons" type="HBoxContainer" parent="Screen/BuyCake" index="2"]

anchor_left = 0.0
anchor_top = 0.0
anchor_right = 0.0
anchor_bottom = 0.0
margin_top = 82.0
margin_right = 260.0
margin_bottom = 117.0
rect_min_size = Vector2( 260, 0 )
rect_pivot_offset = Vector2( 0, 0 )
rect_clip_content = false
mouse_filter = 1
mouse_default_cursor_shape = 0
size_flags_horizontal = 1
size_flags_vertical = 1
custom_constants/separation = 16
alignment = 0
_sections_unfolded = [ "custom_constants" ]

[node name="Ok" type="Button" parent="Screen/BuyCake/Buttons" index="0"]

anchor_left = 0.0
anchor_top = 0.0
anchor_right = 0.0
anchor_bottom = 0.0
margin_right = 120.0
margin_bottom = 35.0
rect_min_size = Vector2( 120, 0 )
rect_pivot_offset = Vector2( 0, 0 )
rect_clip_content = false
focus_mode = 2
mouse_filter = 0
mouse_default_cursor_shape = 0
size_flags_horizontal = 1
size_flags_vertical = 1
custom_fonts/font = ExtResource( 5 )
toggle_mode = false
enabled_focus_mode = 2
shortcut = null
group = null
text = "Ok"
flat = false
align = 1
_sections_unfolded = [ "Rect" ]

[node name="Abort" type="Button" parent="Screen/BuyCake/Buttons" index="1"]

anchor_left = 0.0
anchor_top = 0.0
anchor_right = 0.0
anchor_bottom = 0.0
margin_left = 136.0
margin_right = 256.0
margin_bottom = 35.0
rect_min_size = Vector2( 120, 0 )
rect_pivot_offset = Vector2( 0, 0 )
rect_clip_content = false
focus_mode = 2
mouse_filter = 0
mouse_default_cursor_shape = 0
size_flags_horizontal = 1
size_flags_vertical = 1
custom_fonts/font = ExtResource( 5 )
toggle_mode = false
enabled_focus_mode = 2
shortcut = null
group = null
text = "Cancel"
flat = false
align = 1
_sections_unfolded = [ "Rect", "custom_fonts" ]

[node name="Turn" type="Label" parent="Screen" index="8"]

anchor_left = 0.0
anchor_top = 0.0
anchor_right = 1.0
anchor_bottom = 0.0
margin_top = 16.0
margin_bottom = 74.0
rect_pivot_offset = Vector2( 0, 0 )
rect_clip_content = false
mouse_filter = 2
mouse_default_cursor_shape = 0
size_flags_horizontal = 1
size_flags_vertical = 4
custom_fonts/font = ExtResource( 2 )
custom_colors/font_color_shadow = Color( 0, 0, 0, 1 )
custom_constants/shadow_as_outline = 1
text = "Turn: 1"
align = 1
percent_visible = 1.0
lines_skipped = 0
max_lines_visible = -1
_sections_unfolded = [ "Anchor", "Grow Direction", "Margin", "Rect", "custom_constants", "custom_fonts" ]

[node name="Stepcounter" type="Label" parent="Screen" index="9"]

anchor_left = 0.0
anchor_top = 0.0
anchor_right = 1.0
anchor_bottom = 0.0
margin_top = 80.0
margin_bottom = 138.0
rect_pivot_offset = Vector2( 0, 0 )
rect_clip_content = false
mouse_filter = 2
mouse_default_cursor_shape = 0
size_flags_horizontal = 1
size_flags_vertical = 4
custom_fonts/font = ExtResource( 2 )
align = 1
percent_visible = 1.0
lines_skipped = 0
max_lines_visible = -1
_sections_unfolded = [ "Grow Direction", "Rect" ]

[node name="Splash" type="AnimationPlayer" parent="Screen" index="10"]

editor/display_folded = true
root_node = NodePath("Background")
autoplay = ""
playback_process_mode = 1
playback_default_blend_time = 0.0
playback_speed = 1.0
anims/hide = SubResource( 1 )
anims/show = SubResource( 2 )
blend_times = [  ]
_sections_unfolded = [ "Playback Options" ]

[node name="Background" type="TextureRect" parent="Screen/Splash" index="0"]

anchor_left = 0.0
anchor_top = 0.0
anchor_right = 0.0
anchor_bottom = 0.0
margin_left = -1349.0
margin_top = 1077.0
margin_right = -351.0
margin_bottom = 1266.0
rect_pivot_offset = Vector2( 0, 0 )
rect_clip_content = false
mouse_filter = 1
mouse_default_cursor_shape = 0
size_flags_horizontal = 1
size_flags_vertical = 1
texture = ExtResource( 6 )
stretch_mode = 0
_sections_unfolded = [ "Rect" ]

[node name="Player" type="TextureRect" parent="Screen/Splash/Background" index="0"]

anchor_left = 0.0
anchor_top = 0.0
anchor_right = 0.0
anchor_bottom = 0.0
margin_left = 680.0
margin_top = -28.0
margin_right = 936.0
margin_bottom = 228.0
rect_min_size = Vector2( 256, 256 )
rect_pivot_offset = Vector2( 0, 0 )
rect_clip_content = false
mouse_filter = 1
mouse_default_cursor_shape = 0
size_flags_horizontal = 1
size_flags_vertical = 1
stretch_mode = 0

[node name="Label" type="Label" parent="Screen/Splash/Background" index="1"]

anchor_left = 0.0
anchor_top = 0.0
anchor_right = 0.0
anchor_bottom = 0.0
margin_left = 196.0
margin_top = 65.0
margin_right = 645.0
margin_bottom = 185.0
rect_pivot_offset = Vector2( 0, 0 )
rect_clip_content = false
mouse_filter = 2
mouse_default_cursor_shape = 0
size_flags_horizontal = 1
size_flags_vertical = 4
custom_fonts/font = SubResource( 3 )
text = "It's your turn"
percent_visible = 1.0
lines_skipped = 0
max_lines_visible = -1
_sections_unfolded = [ "custom_fonts" ]

[node name="Camera" type="Camera" parent="." index="1"]

transform = Transform( 1, 0, 0, 0, 0.707107, 0.707107, 0, -0.707107, 0.707107, 0, 4, 4 )
keep_aspect = 1
cull_mask = 1048575
environment = null
h_offset = 0.0
v_offset = 0.0
doppler_tracking = 0
projection = 0
current = false
fov = 70.0
size = 1.0
near = 0.05
far = 100.0
_sections_unfolded = [ "Transform" ]

[connection signal="pressed" from="Screen/Roll" to="." method="_on_Roll_pressed"]

[connection signal="pressed" from="Screen/GetCake/Buttons/Ok" to="." method="_on_GetCake_pressed"]

[connection signal="pressed" from="Screen/GetCake/Buttons/Abort" to="." method="_on_GetCake_abort"]

[connection signal="value_changed" from="Screen/BuyCake/HSlider" to="." method="_on_HSlider_value_changed"]

[connection signal="pressed" from="Screen/BuyCake/Buttons/Ok" to="." method="_on_Buy_pressed"]

[connection signal="pressed" from="Screen/BuyCake/Buttons/Abort" to="." method="_on_Abort_pressed"]


